@inproceedings{bilen2016weakly,
  title={Weakly supervised deep detection networks},
  author={Bilen, Hakan and Vedaldi, Andrea},
  booktitle={Proceedings of the IEEE Conference on Computer Vision and Pattern Recognition},
  pages={2846--2854},
  year={2016}
}

@inproceedings{kantorov2016contextlocnet,
  title={Contextlocnet: Context-aware deep network models for weakly supervised localization},
  author={Kantorov, Vadim and Oquab, Maxime and Cho, Minsu and Laptev, Ivan},
  booktitle={European Conference on Computer Vision},
  pages={350--365},
  year={2016},
  organization={Springer}
}

@inproceedings{ren2015faster,
  title={Faster r-cnn: Towards real-time object detection with region proposal networks},
  author={Ren, Shaoqing and He, Kaiming and Girshick, Ross and Sun, Jian},
  booktitle={Advances in neural information processing systems},
  pages={91--99},
  year={2015}
}

@inproceedings{gkioxari2015contextual,
  title={Contextual action recognition with r* cnn},
  author={Gkioxari, Georgia and Girshick, Ross and Malik, Jitendra},
  booktitle={Proceedings of the IEEE international conference on computer vision},
  pages={1080--1088},
  year={2015}
}

@article{yuan2017temporal,
  title={Temporal dynamic graph LSTM for action-driven video object detection},
  author={Yuan, Yuan and Liang, Xiaodan and Wang, Xiaolong and Yeung, Dit Yan and Gupta, Abhinav},
  journal={ICCV},
  year={2017}
}

@inproceedings{sigurdsson2016hollywood,
  title={Hollywood in homes: Crowdsourcing data collection for activity understanding},
  author={Sigurdsson, Gunnar A and Varol, G{\"u}l and Wang, Xiaolong and Farhadi, Ali and Laptev, Ivan and Gupta, Abhinav},
  booktitle={European Conference on Computer Vision},
  pages={510--526},
  year={2016},
  organization={Springer}
}

@inproceedings{zitnick2014edge,
  title={Edge boxes: Locating object proposals from edges},
  author={Zitnick, C Lawrence and Doll{\'a}r, Piotr},
  booktitle={European Conference on Computer Vision},
  pages={391--405},
  year={2014},
  organization={Springer}
}

@inproceedings{girshick2015fast,
  title={Fast r-cnn},
  author={Girshick, Ross},
  booktitle={Proceedings of the IEEE international conference on computer vision},
  pages={1440--1448},
  year={2015}
}

@misc{pascal-voc-2012,
  author = "Everingham, M. and Van~Gool, L. and Williams, C. K. I. and Winn, J. and Zisserman, A.",
  title = "The {PASCAL} {V}isual {O}bject {C}lasses {C}hallenge 2012 {(VOC2012)} {R}esults",
  howpublished = "http://www.pascal-network.org/challenges/VOC/voc2012/workshop/index.html"}

@article{deselaers2012weakly,
  title={Weakly supervised localization and learning with generic knowledge},
  author={Deselaers, Thomas and Alexe, Bogdan and Ferrari, Vittorio},
  journal={International journal of computer vision},
  volume={100},
  number={3},
  pages={275--293},
  year={2012},
  publisher={Springer}
}

@inproceedings{ioffe2015batch,
  title={Batch normalization: Accelerating deep network training by reducing internal covariate shift},
  author={Ioffe, Sergey and Szegedy, Christian},
  booktitle={ICML},
  year={2015}
}